<record><leader>00000cas a22000007a 4500</leader><controlfield tag="001">826765770</controlfield><controlfield tag="008">130205d1898190utxudr ne      0   a0eng d</controlfield><datafield ind1=" " ind2=" " tag="010"><subfield code="a">  2013271050</subfield></datafield><datafield ind1=" " ind2=" " tag="040"><subfield code="a">INT</subfield><subfield code="b">eng</subfield><subfield code="c">INT</subfield><subfield code="d">INT</subfield><subfield code="d">DLC</subfield><subfield code="d">OCLCF</subfield></datafield><datafield ind1="0" ind2=" " tag="022"><subfield code="a">2333-4614</subfield><subfield code="2">1</subfield></datafield><datafield ind1=" " ind2=" " tag="042"><subfield code="a">msc</subfield><subfield code="a">nsdp</subfield></datafield><datafield ind1=" " ind2=" " tag="043"><subfield code="a">n-us-tx</subfield></datafield><datafield ind1="0" ind2="0" tag="050"><subfield code="a">Newspaper</subfield></datafield><datafield ind1="0" ind2=" " tag="130"><subfield code="a">Daily enterprise (Beaumont, Tex.)</subfield></datafield><datafield ind1=" " ind2="4" tag="222"><subfield code="a">The daily enterprise</subfield><subfield code="b">(Beaumont, Tex. Print)</subfield></datafield><datafield ind1="1" ind2="4" tag="245"><subfield code="a">The daily enterprise.</subfield></datafield><datafield ind1=" " ind2=" " tag="260"><subfield code="a">Beaumont, Tex. :</subfield><subfield code="b">[Beaumont Enterprise Pub.]</subfield></datafield><datafield ind1=" " ind2=" " tag="300"><subfield code="a">v.</subfield></datafield><datafield ind1=" " ind2=" " tag="310"><subfield code="a">Daily</subfield></datafield><datafield ind1="1" ind2=" " tag="362"><subfield code="a">Began in 1898?</subfield></datafield><datafield ind1=" " ind2=" " tag="530"><subfield code="a">Archived issues are available in digital format as part of the Library of Congress Chronicling America online collection.</subfield></datafield><datafield ind1=" " ind2=" " tag="588"><subfield code="a">Description based on: Vol. 2, no. 141 (Sept. 23, 1898).</subfield></datafield><datafield ind1=" " ind2=" " tag="588"><subfield code="a">Latest issue consulted: Volume 6, number 112 (June 23, 1902).</subfield></datafield><datafield ind1=" " ind2="0" tag="651"><subfield code="a">Beaumont (Tex.)</subfield><subfield code="v">Newspapers.</subfield></datafield><datafield ind1=" " ind2="0" tag="651"><subfield code="a">Jefferson County (Tex.)</subfield><subfield code="v">Newspapers.</subfield></datafield><datafield ind1=" " ind2="7" tag="655"><subfield code="a">Newspapers.</subfield><subfield code="2">fast</subfield><subfield code="0">(OCoLC)fst01423814</subfield></datafield><datafield ind1=" " ind2="7" tag="651"><subfield code="a">Texas</subfield><subfield code="z">Beaumont.</subfield><subfield code="2">fast</subfield><subfield code="0">(OCoLC)fst01207804</subfield></datafield><datafield ind1=" " ind2="7" tag="651"><subfield code="a">Texas</subfield><subfield code="z">Jefferson County.</subfield><subfield code="2">fast</subfield><subfield code="0">(OCoLC)fst01207021</subfield></datafield><datafield ind1=" " ind2=" " tag="752"><subfield code="a">United States</subfield><subfield code="b">Texas</subfield><subfield code="c">Jefferson</subfield><subfield code="d">Beaumont.</subfield></datafield><datafield ind1="0" ind2=" " tag="775"><subfield code="t">Beaumont enterprise (Beaumont, Tex. : 1880)</subfield><subfield code="w">(DLC)sn 86088330</subfield><subfield code="w">(OCoLC)13988062</subfield></datafield><datafield ind1="0" ind2="8" tag="776"><subfield code="i">Online version:</subfield><subfield code="t">Daily enterprise (Beaumont, Tex. : Online)</subfield><subfield code="x">2333-4622</subfield><subfield code="w">(DLC)  2013271969</subfield></datafield><datafield ind1="0" ind2="0" tag="785"><subfield code="t">Beaumont enterprise</subfield><subfield code="w">(DLC)sn 86071101</subfield><subfield code="w">(OCoLC)13163142</subfield></datafield><datafield ind1="4" ind2="1" tag="856"><subfield code="u">http://www.loc.gov/chroniclingamerica/lccn/2013271050/issues</subfield></datafield></record>